<?xml version="1.0" encoding="UTF-8"?><collection xmlns="http://www.loc.gov/MARC21/slim"><record><leader>00385nam--2200133-i-4500</leader><controlfield tag="001">000033458</controlfield><controlfield tag="002">20161230</controlfield><controlfield tag="005">20161230201039</controlfield><controlfield tag="008">060222s1000------------r-----000-0-eng-d</controlfield><datafield ind1=" " ind2=" " tag="100"><subfield code="a">Meuleau. C</subfield></datafield><datafield ind1=" " ind2=" " tag="245"><subfield code="a">Gaudet, g</subfield></datafield><datafield ind1=" " ind2=" " tag="260"><subfield code="a">Les Semisocnduteurs Diodes, Transistors Et Autres Applications.Preface Par: E.M.Delaraine</subfield></datafield><datafield ind1=" " ind2=" " tag="490"><subfield code="a">Paris, Editions Eyrolles, 1957. 439p</subfield></datafield><datafield ind1=" " ind2=" " tag="852"><subfield code="a">621.382</subfield></datafield></record></collection>